<record><leader>00000cas a22000007a 4500</leader><controlfield tag="001">23359960</controlfield><controlfield tag="008">910401d19681976couwr ne      0    0eng d</controlfield><datafield ind1=" " ind2=" " tag="010"><subfield code="a">sn 91052422 </subfield></datafield><datafield ind1=" " ind2=" " tag="040"><subfield code="a">CNQ</subfield><subfield code="b">eng</subfield><subfield code="c">CNQ</subfield><subfield code="d">OCLCQ</subfield></datafield><datafield ind1=" " ind2=" " tag="042"><subfield code="a">msc</subfield></datafield><datafield ind1="0" ind2=" " tag="130"><subfield code="a">Summit sentinel (Dillon, Colo, : 1968)</subfield></datafield><datafield ind1="1" ind2="4" tag="245"><subfield code="a">The Summit sentinel.</subfield></datafield><datafield ind1="1" ind2="7" tag="246"><subfield code="a">Summit County sentinel</subfield></datafield><datafield ind1=" " ind2=" " tag="260"><subfield code="a">Dillon, Colo. :</subfield><subfield code="b">Barbara Furlong</subfield></datafield><datafield ind1=" " ind2=" " tag="300"><subfield code="a">v.</subfield></datafield><datafield ind1=" " ind2=" " tag="310"><subfield code="a">Weekly,</subfield><subfield code="b">Jan. 22, 1976-June 10, 1976</subfield></datafield><datafield ind1=" " ind2=" " tag="321"><subfield code="a">Weekly,</subfield><subfield code="b">Aug. 29, 1968-Jan. 8, 1976</subfield></datafield><datafield ind1=" " ind2=" " tag="321"><subfield code="a">Semiweekly,</subfield><subfield code="b">Jan. 14, 1976-Jan. 19, 1976</subfield></datafield><datafield ind1="0" ind2=" " tag="362"><subfield code="a">Vol. 1, no. 1 (Aug. 29, 1968)-v. 8, no. 31 (June 10, 1976).</subfield></datafield><datafield ind1=" " ind2=" " tag="500"><subfield code="a">Published as: Summit County sentinel, Jan. 14, 1976-Jan. 19, 1976.</subfield></datafield><datafield ind1=" " ind2=" " tag="752"><subfield code="a">United States</subfield><subfield code="b">Colorado</subfield><subfield code="c">Summit</subfield><subfield code="d">Dillon.</subfield></datafield><datafield ind1="0" ind2="0" tag="785"><subfield code="t">Summit County sentinel</subfield><subfield code="w">(DLC)sn 91052419</subfield></datafield></record>